@misc{ProdigyXable,
  author = {Benton, Samuel (ProdigyXable)},
  title = {Pitest-Augmentation-Project},
  publisher = {GitHub},
  journal = {GitHub repository},
  date = {2017},
  url = {https://github.com/ProdigyXable/Pitest-Augmentation-Project},
  urldate = {2018-03-19},
  commit = {1c50379f78119a645ffba61773e8dc39c3015361},
}